<?xml version="1.0" encoding="UTF-8"?>
<marc:collection xmlns:marc="http://www.loc.gov/MARC21/slim" xmlns:xsi="http://www.w3.org/2001/XMLSchema-instance" xsi:schemaLocation="http://www.loc.gov/MARC21/slim http://www.loc.gov/standards/marcxml/schema/MARC21slim.xsd">
   <marc:record type="Bibliographic">
      <marc:leader>01986cam a2200337 a 4500</marc:leader>
      <marc:controlfield tag="001">379541</marc:controlfield>
      <marc:controlfield tag="003">NjP</marc:controlfield>
      <marc:controlfield tag="005">20130415211332.0</marc:controlfield>
      <marc:controlfield tag="008">870622r19831952ir a     b    00100 arar </marc:controlfield>
      <marc:datafield tag="024" ind1="7" ind2=" ">
         <marc:subfield code="a">princeton_aco000638</marc:subfield>
         <marc:subfield code="2">local</marc:subfield>
      </marc:datafield>
      <marc:datafield tag="010" ind1=" " ind2=" ">
         <marc:subfield code="a">   86930441/NE </marc:subfield>
      </marc:datafield>
      <marc:datafield tag="035" ind1=" " ind2=" ">
         <marc:subfield code="a">(OCoLC)15133425</marc:subfield>
      </marc:datafield>
      <marc:datafield tag="035" ind1=" " ind2=" ">
         <marc:subfield code="a">(CStRLIN)NJPG87-B28231</marc:subfield>
      </marc:datafield>
      <marc:datafield tag="035" ind1=" " ind2=" ">
         <marc:subfield code="9">ABV4993TS</marc:subfield>
      </marc:datafield>
      <marc:datafield tag="040" ind1=" " ind2=" ">
         <marc:subfield code="d">NjP</marc:subfield>
      </marc:datafield>
      <marc:datafield tag="050" ind1="0" ind2=" ">
         <marc:subfield code="a">B751</marc:subfield>
         <marc:subfield code="b">.S5 1983</marc:subfield>
      </marc:datafield>
      <marc:datafield tag="100" ind1="0" ind2=" ">
         <marc:subfield code="a">Avicenna,</marc:subfield>
         <marc:subfield code="d">980-1037.</marc:subfield>
      </marc:datafield>
      <marc:datafield tag="245" ind1="1" ind2="3">
         <marc:subfield code="a">al-Shifāʾ /</marc:subfield>
         <marc:subfield code="c">Ibn Sīnā ; taṣdīr Ṭāhā Ḥusayn ; murājaʻat Ibrāhīm Madkūr ; taḥqīq, al-Ab Qanawātī, Maḥmūd al-Khaḍīrī, Fuʾād al-ʾIhwānī.</marc:subfield>
      </marc:datafield>
      <marc:datafield tag="260" ind1=" " ind2=" ">
         <marc:subfield code="a">Qum, Īrān :</marc:subfield>
         <marc:subfield code="b">Maktabat Āyat Allāh al-ʻUẓmá al-Marʻashī al-Najafī,</marc:subfield>
         <marc:subfield code="c">1404-    [1983 or 1984]-</marc:subfield>
      </marc:datafield>
      <marc:datafield tag="300" ind1=" " ind2=" ">
         <marc:subfield code="a">v. in :</marc:subfield>
         <marc:subfield code="b">ill. ;</marc:subfield>
         <marc:subfield code="c">30 cm.</marc:subfield>
      </marc:datafield>
      <marc:datafield tag="500" ind1=" " ind2=" ">
         <marc:subfield code="a">Verifiers vary for each vol.</marc:subfield>
      </marc:datafield>
      <marc:datafield tag="500" ind1=" " ind2=" ">
         <marc:subfield code="a">Reprint. Originally published: al-Qāhirah : al-Maṭbaʻah al-Amīrīyah, 1952-&lt;1983   &gt;</marc:subfield>
      </marc:datafield>
      <marc:datafield tag="504" ind1=" " ind2=" ">
         <marc:subfield code="a">Includes bibliographical references, indexes.</marc:subfield>
      </marc:datafield>
      <marc:datafield tag="505" ind1="1" ind2=" ">
         <marc:subfield code="a">[1] al-Manṭiq. 1. al-Madkhal. 2. al-Maqūlāt. 3. al-ʻIbārah. 4. al-Qiyās. 5. al-Burhān. 6. al-Jadal. 7. al-Safsaṭah. 8. al-Khaṭābah. 9. al-Shiʻr (4 v.) -- [2] al-Ṭabīʻīyat. 1. al-Samāʻ al-ṭabīʻī. 2. al-Samāʾ wa-al-ʻālam. 3. al-Kawn wa-al-fasād. 4. al-Afʻāl wa-al-infiʻālāt. 5. al-Maʻādin wa-al-āthār al-ʻulwīyah. 6. al-Nafs. 7. al-Nabāt 8. al-Ḥayawān. -- [3] al-Riyāḍīyāt. [1] Uṣūl al-handasah. 2. al-Ḥisāb. 3. Jawāmiʻ ʻilm al-mūsīqá. 4. ʻIlm al-hayʾah. [4] al-Ilāhīyāt.</marc:subfield>
      </marc:datafield>
      <marc:datafield tag="650" ind1=" " ind2="0">
         <marc:subfield code="a">Islamic philosophy</marc:subfield>
         <marc:subfield code="v">Early works to 1800.</marc:subfield>
      </marc:datafield>
      <marc:datafield tag="700" ind1="1" ind2=" ">
         <marc:subfield code="a">Madkūr, Ibrāhīm.</marc:subfield>
      </marc:datafield>
      <marc:datafield tag="700" ind1="1" ind2=" ">
         <marc:subfield code="a">Anawati, Georges C.,</marc:subfield>
         <marc:subfield code="d">1905-1994.</marc:subfield>
      </marc:datafield>
      <marc:datafield tag="700" ind1="1" ind2=" ">
         <marc:subfield code="a">Khuḍayrī, Maḥmūd Muḥammad.</marc:subfield>
      </marc:datafield>
      <marc:datafield tag="700" ind1="1" ind2=" ">
         <marc:subfield code="a">Ahwānī, Aḥmad Fuʼād,</marc:subfield>
         <marc:subfield code="d">-1970.</marc:subfield>
      </marc:datafield>
      <marc:datafield tag="852" ind1="0" ind2=" ">
         <marc:subfield code="b">nec</marc:subfield>
         <marc:subfield code="h">B751</marc:subfield>
         <marc:subfield code="i">.S5 1983</marc:subfield>
         <marc:subfield code="p">414417</marc:subfield>
         <marc:subfield code="x">reclassed from: 2266.385 1983</marc:subfield>
      </marc:datafield>
      <marc:datafield tag="998" ind1=" " ind2=" ">
         <marc:subfield code="a">06/22/87</marc:subfield>
         <marc:subfield code="s">9110</marc:subfield>
         <marc:subfield code="n">NjP</marc:subfield>
         <marc:subfield code="w">DCLC86930441B</marc:subfield>
         <marc:subfield code="d">06/22/87</marc:subfield>
         <marc:subfield code="c">JCB</marc:subfield>
         <marc:subfield code="b">CS</marc:subfield>
         <marc:subfield code="i">870622</marc:subfield>
         <marc:subfield code="l">NJPG</marc:subfield>
      </marc:datafield>
      <marc:datafield tag="911" ind1=" " ind2=" ">
         <marc:subfield code="a">19921028</marc:subfield>
      </marc:datafield>
      <marc:datafield tag="912" ind1=" " ind2=" ">
         <marc:subfield code="a">19900827000000.0</marc:subfield>
      </marc:datafield>
   </marc:record>
</marc:collection>
